<?xml version="1.0" encoding="utf-8"?>
<record xmlns="http://www.loc.gov/MARC21/slim" xmlns:xsi="http://www.w3.org/2001/XMLSchema-instance" xsi:schemaLocation="http://www.loc.gov/MARC21/slim http://www.loc.gov/standards/marcxml/schema/MARC21slim.xsd">
	<leader>     nam a22     Mi 4500</leader>
	<controlfield tag="001">191725</controlfield>
	<controlfield tag="003">NjP</controlfield>
	<controlfield tag="006">m        d        </controlfield>
	<controlfield tag="007">cr cn |||m|||a</controlfield>
	<controlfield tag="008">210407m19819999ir      ob    000 0 ara d</controlfield>
	<datafield ind1=" " ind2=" " tag="040">
		<subfield code="a">ZYU</subfield>
		<subfield code="b">ara</subfield>
		<subfield code="e">rda</subfield>
		<subfield code="c">ZYU</subfield>
	</datafield>
	<datafield ind1=" " ind2="4" tag="050">
		<subfield code="a">BP133</subfield>
		<subfield code="b">.M87 1981</subfield>
	</datafield>
	<datafield ind1="1" ind2=" " tag="100">
		<subfield code="6">880-01</subfield>
		<subfield code="a">Muṣṭafavī, Ḥasan.</subfield>
	</datafield>
	<datafield ind1="1" ind2="3" tag="245">
		<subfield code="6">880-02</subfield>
		<subfield code="a">al-Taḥqīq fī kalimāt al-Qurʼān al-karīm :</subfield>
		<subfield code="b">yabḥathu ʻan al-aṣl al-wāḥid fī kull kalimah, wa-taṭawwurihi wa-taṭbīqihi ʻalá mukhtalif mawārid al-istiʻmāl fī kalāmihi taʻālá /</subfield>
		<subfield code="c">taʼlīf Ḥasan al-Muṣṭafawī.</subfield>
	</datafield>
	<datafield ind1="3" ind2=" " tag="246">
		<subfield code="a">Research into the holy Quranic words</subfield>
	</datafield>
	<datafield ind1=" " ind2=" " tag="260">
		<subfield code="6">880-03</subfield>
		<subfield code="a">Tihrān :</subfield>
		<subfield code="b">Bungāh-i Tarjumah va Nashr-i Kitāb,</subfield>
		<subfield code="c">1360- [1981-]</subfield>
	</datafield>
	<datafield ind1=" " ind2=" " tag="300">
		<subfield code="a">online resource (volumes)</subfield>
	</datafield>
	<datafield ind1=" " ind2=" " tag="336">
		<subfield code="a">text</subfield>
		<subfield code="2">rdacontent</subfield>
	</datafield>
	<datafield ind1=" " ind2=" " tag="337">
		<subfield code="a">computer</subfield>
		<subfield code="2">rdamedia</subfield>
	</datafield>
	<datafield ind1=" " ind2=" " tag="338">
		<subfield code="a">online resource</subfield>
		<subfield code="2">rdacarrier</subfield>
	</datafield>
	<datafield ind1="1" ind2=" " tag="490">
		<subfield code="6">880-04</subfield>
		<subfield code="a">Intishārāt-i Bungāh-i Tarjumah va Nashr-i Kitāb ;</subfield>
		<subfield code="v">531-532, 540, 543-545.</subfield>
		<subfield code="a">Majmūʻah-ʼi maʻārif-i Islāmī ;</subfield>
		<subfield code="v">1</subfield>
	</datafield>
	<datafield ind1="1" ind2=" " tag="490">
		<subfield code="6">880-05</subfield>
		<subfield code="a">Majmūʻah-ʼi maʻārif-i Islāmī ;</subfield>
		<subfield code="v">1</subfield>
	</datafield>
	<datafield ind1=" " ind2=" " tag="500">
		<subfield code="a">Vol. 7- published by: [Tehran] : Wizārat al-Irshād al-Islāmī.</subfield>
	</datafield>
	<datafield ind1=" " ind2=" " tag="500">
		<subfield code="a">Vol. 7- : al-Ṭabʻah 1.</subfield>
	</datafield>
	<datafield ind1=" " ind2=" " tag="500">
		<subfield code="a">Part of the Arabic Collections Online (ACO) project, contributed by Princeton University Libraries.</subfield>
	</datafield>
	<datafield ind1=" " ind2=" " tag="504">
		<subfield code="a">Includes bibliographical references.</subfield>
	</datafield>
	<datafield ind1=" " ind2=" " tag="500">
		<subfield code="a">Title on cover of v. 7 : A research into the holy Quranic words.</subfield>
	</datafield>
	<datafield ind1="1" ind2=" " tag="505">
		<subfield code="a">al-mujallad 8. &quot;ʻA&quot; -- al-mujallad 9. &quot;F-Q.&quot;</subfield>
	</datafield>
	<datafield ind1=" " ind2=" " tag="500">
		<subfield code="a">Non-Latin script record</subfield>
	</datafield>
	<datafield ind1=" " ind2=" " tag="533">
		<subfield code="a">Electronic reproduction.</subfield>
		<subfield code="b">New York, N.Y. :</subfield>
		<subfield code="c">New York University,</subfield>
		<subfield code="d">2021.</subfield>
		<subfield code="5">NNU</subfield>
	</datafield>
	<datafield ind1="0" ind2="0" tag="630">
		<subfield code="a">Qurʼan</subfield>
		<subfield code="x">Language, style</subfield>
		<subfield code="v">Early works to 1800.</subfield>
	</datafield>
	<datafield ind1="0" ind2="7" tag="630">
		<subfield code="a">Qurʼan.</subfield>
		<subfield code="2">fast</subfield>
		<subfield code="0">(OCoLC)fst01842877</subfield>
	</datafield>
	<datafield ind1=" " ind2="7" tag="655">
		<subfield code="a">Early works.</subfield>
		<subfield code="2">fast</subfield>
		<subfield code="0">(OCoLC)fst01411636</subfield>
	</datafield>
	<datafield ind1="2" ind2=" " tag="710">
		<subfield code="a">Princeton University.</subfield>
		<subfield code="b">Library.</subfield>
	</datafield>
	<datafield ind1="0" ind2=" " tag="730">
		<subfield code="a">Arabic Collections Online.</subfield>
	</datafield>
	<datafield ind1="0" ind2="8" tag="776">
		<subfield code="i">Print version:</subfield>
		<subfield code="a">Muṣṭafavī, Ḥasan.</subfield>
		<subfield code="t">al-Taḥqīq fī kalimāt al-Qurʼān al-karīm</subfield>
		<subfield code="w">(NjP)191725</subfield>
		<subfield code="w">(OCoLC)26838966</subfield>
	</datafield>
	<datafield ind1=" " ind2="0" tag="830">
		<subfield code="6">880-06</subfield>
		<subfield code="a">Majmūʻah-ʼi maʻārif-i Islāmī ;</subfield>
		<subfield code="v">1.</subfield>
	</datafield>
	<datafield ind1=" " ind2="0" tag="830">
		<subfield code="6">880-07</subfield>
		<subfield code="a">Intishārāt-i Bungāh-i Tarjumah va Nashr-i Kitāb ;</subfield>
		<subfield code="v">531-532.</subfield>
	</datafield>
	<datafield ind1=" " ind2="0" tag="830">
		<subfield code="6">880-08</subfield>
		<subfield code="a">Intishārāt-i Bungāh-i Tarjumah va Nashr-i Kitāb ;</subfield>
		<subfield code="v">540.</subfield>
	</datafield>
	<datafield ind1=" " ind2="0" tag="830">
		<subfield code="6">880-09</subfield>
		<subfield code="a">Intishārāt-i Bungāh-i Tarjumah va Nashr-i Kitāb ;</subfield>
		<subfield code="v">543-545.</subfield>
	</datafield>
	<datafield ind1=" " ind2="0" tag="830">
		<subfield code="6">880-10</subfield>
		<subfield code="a">Intishārāt-i Bungāh-i Tarjumah va Nashr-i Kitāb.</subfield>
		<subfield code="p">Majmūʻah-ʼi maʻārif-i Islāmī ;</subfield>
		<subfield code="v">1.</subfield>
	</datafield>
	<datafield ind1="4" ind2="0" tag="856">
		<subfield code="u">http://hdl.handle.net/2333.1/rxwdc375</subfield>
	</datafield>
	<datafield ind1="1" ind2=" " tag="880">
		<subfield code="6">100-01</subfield>
		<subfield code="a">مصطفوي، حسن.</subfield>
	</datafield>
	<datafield ind1="1" ind2="2" tag="880">
		<subfield code="6">245-02</subfield>
		<subfield code="a">التحقيق في کلمات القرآن الکريم :</subfield>
		<subfield code="b">يبحث عن الاصل الواحد في كل كلمة، وتطوره وتطبيقه على مختلف موارد الاستعمال في كلامه تعالى /</subfield>
		<subfield code="c">تأليف حسن المصطفوي.</subfield>
	</datafield>
	<datafield ind1=" " ind2=" " tag="880">
		<subfield code="6">260-03</subfield>
		<subfield code="a">تهران :</subfield>
		<subfield code="b">بنگاه ترجمه و نشر کتاب،</subfield>
		<subfield code="c">1360- [1981-]</subfield>
	</datafield>
	<datafield ind1="1" ind2=" " tag="880">
		<subfield code="6">490-04</subfield>
		<subfield code="a">انتشارات بنگاه ترجمه و نشر کتاب ؛</subfield>
		<subfield code="v">531-532، 540، 543-545.</subfield>
		<subfield code="a">مجموعۀ معارف اسلامى ؛</subfield>
		<subfield code="v">1</subfield>
	</datafield>
	<datafield ind1="1" ind2=" " tag="880">
		<subfield code="6">490-05</subfield>
		<subfield code="a">مجموعۀ معارف اسلامى ؛</subfield>
		<subfield code="v">١</subfield>
	</datafield>
	<datafield ind1=" " ind2="0" tag="880">
		<subfield code="6">830-06</subfield>
		<subfield code="a">مجموعۀ معارف اسلامى ؛</subfield>
		<subfield code="v">١.</subfield>
	</datafield>
	<datafield ind1=" " ind2="0" tag="880">
		<subfield code="6">830-07</subfield>
		<subfield code="a">انتشارات بنگاه ترجمه و نشر کتاب ؛</subfield>
		<subfield code="v">531-532.</subfield>
	</datafield>
	<datafield ind1=" " ind2="0" tag="880">
		<subfield code="6">830-08</subfield>
		<subfield code="a">انتشارات بنگاه ترجمه و نشر کتاب ؛</subfield>
		<subfield code="v">540.</subfield>
	</datafield>
	<datafield ind1=" " ind2="0" tag="880">
		<subfield code="6">830-09</subfield>
		<subfield code="a">انتشارات بنگاه ترجمه و نشر کتاب ؛</subfield>
		<subfield code="v">543-545.</subfield>
	</datafield>
	<datafield ind1=" " ind2="0" tag="880">
		<subfield code="6">830-10</subfield>
		<subfield code="a">انتشارات بنگاه ترجمه و نشر کتاب.</subfield>
		<subfield code="p">مجموعۀ معارف اسلامى ؛</subfield>
		<subfield code="v">1.</subfield>
	</datafield>
	<datafield ind1=" " ind2=" " tag="959">
		<subfield code="a">NNU</subfield>
		<subfield code="b">WEB</subfield>
		<subfield code="c">GENI</subfield>
		<subfield code="t">0</subfield>
		<subfield code="m">Electronic access</subfield>
		<subfield code="s">01</subfield>
	</datafield>
	<datafield ind1=" " ind2=" " tag="999">
		<subfield code="i">NjP_191725</subfield>
		<subfield code="o">(OCoLC)ocm26838966</subfield>
		<subfield code="s">princeton_aco005011:mujallad 1</subfield>
		<subfield code="s">princeton_aco005012:mujallad 2</subfield>
		<subfield code="s">princeton_aco005013:mujallad 3</subfield>
		<subfield code="s">princeton_aco005003:mujallad 4</subfield>
		<subfield code="s">princeton_aco005002:mujallad 5</subfield>
		<subfield code="s">princeton_aco005001:mujallad 6</subfield>
		<subfield code="s">princeton_aco005010:mujallad 7</subfield>
		<subfield code="s">princeton_aco005006:mujallad 8</subfield>
		<subfield code="s">princeton_aco005005:mujallad 9</subfield>
		<subfield code="s">princeton_aco005004:mujallad 10</subfield>
		<subfield code="s">princeton_aco005009:mujallad 11</subfield>
		<subfield code="s">princeton_aco005008:mujallad 12</subfield>
		<subfield code="s">princeton_aco005007:mujallad 13-14</subfield>
		<subfield code="e">(ERROR-880)</subfield>
		<subfield code="s">princeton_aco005011:mujallad 1</subfield>
		<subfield code="s">princeton_aco005012:mujallad 2</subfield>
		<subfield code="s">princeton_aco005013:mujallad 3</subfield>
		<subfield code="s">princeton_aco005003:mujallad 4</subfield>
		<subfield code="s">princeton_aco005002:mujallad 5</subfield>
		<subfield code="s">princeton_aco005001:mujallad 6</subfield>
		<subfield code="s">princeton_aco005010:mujallad 7</subfield>
		<subfield code="s">princeton_aco005006:mujallad 8</subfield>
		<subfield code="s">princeton_aco005005:mujallad 9</subfield>
		<subfield code="s">princeton_aco005004:mujallad 10</subfield>
		<subfield code="s">princeton_aco005009:mujallad 11</subfield>
		<subfield code="s">princeton_aco005008:mujallad 12</subfield>
		<subfield code="s">princeton_aco005007:mujallad 13-14</subfield>
	</datafield>
</record>
